\begin{thebibliography}{99}

@article{behrens2007,
  title={Learning the value of information in an uncertain world},
  author={Behrens, Timothy EJ and Woolrich, Mark W and Walton, Mark E and Rushworth, Matthew FS},
  journal={Nature neuroscience},
  volume={10},
  number={9},
  pages={1214--1221},
  year={2007},
  publisher={Nature Publishing Group}
}

@article{brown2009,
  title={Detecting and predicting changes},
  author={Brown, Scott D and Steyvers, Mark},
  journal={Cognitive Psychology},
  volume={58},
  number={1},
  pages={49--67},
  year={2009},
  publisher={Elsevier}
}

@article{carrabin2021,
  title={Human inference in changing environments with temporal structure.},
  author={Prat-Carrabin, Arthur and Wilson, Robert C and Cohen, Jonathan D and Azeredo da Silveira, Rava},
  journal={Psychological Review},
  year={2021},
  volume =128,
  pages={879-912},
  publisher={American Psychological Association}
}


@article{de2015jspsych,
  title={jsPsych: A JavaScript library for creating behavioral experiments in a Web browser},
  author={De Leeuw, Joshua R},
  journal={Behavior Research Methods},
  volume={47},
  number={1},
  pages={1--12},
  year={2015},
  publisher={Springer}
}

@article{forsgren2020,
  title={Further perceptions of probability: in defence of trial-by-trial updating models},
  author={Forsgren, Mattias and Juslin, Peter and van den Berg, Ronald},
  journal={BioRxiv},
  year={2020},
  publisher={Cold Spring Harbor Laboratory}
} 
@article{forsgren2023further,
  title={Further perceptions of probability: In defence of associative models.},
  author={Forsgren, Mattias and Juslin, Peter and Van den Berg, Ronald},
  journal={Psychological Review},
  year={2023},
  volume = 130,
  pages={1383-1400},
  publisher={American Psychological Association}
}

@article{gallistel2014,
  title={The perception of probability.},
  author={Gallistel, Charles R and Krishan, Monika and Liu, Ye and Miller, Reilly and Latham, Peter E},
  journal={Psychological Review},
  volume={121},
  number={1},
  pages={96},
  year={2014},
  publisher={American Psychological Association}
}

@article{khaw2017,
  title={Discrete adjustment to a changing environment: Experimental evidence},
  author={Khaw, Mel Win and Stevens, Luminita and Woodford, Michael},
  journal={Journal of Monetary Economics},
  volume={91},
  pages={88--103},
  year={2017},
  publisher={Elsevier}
}

@article{khaw2021,
  title={Individual differences in the perception of probability},
  author={Khaw, Mel W and Stevens, Luminita and Woodford, Michael},
  journal={PLoS Computational Biology},
  volume={17},
  number={4},
  pages={e1008871},
  year={2021},
  publisher={Public Library of Science San Francisco, CA USA}
}

@article{krugel2009,
  title={Genetic variation in dopaminergic neuromodulation influences the ability to rapidly and flexibly adapt decisions},
  author={Krugel, Lea K and Biele, Guido and Mohr, Peter NC and Li, Shu-Chen and Heekeren, Hauke R},
  journal={Proceedings of the National Academy of Sciences},
  volume={106},
  number={42},
  pages={17951--17956},
  year={2009},
  publisher={National Acad Sciences}
}

@article{nassar2010,
  title={An approximately Bayesian delta-rule model explains the dynamics of belief updating in a changing environment},
  author={Nassar, Matthew R and Wilson, Robert C and Heasly, Benjamin and Gold, Joshua I},
  journal={Journal of Neuroscience},
  volume={30},
  number={37},
  pages={12366--12378},
  year={2010},
  publisher={Soc Neuroscience}
}

@article{nassar2012,
  title={Rational regulation of learning dynamics by pupil-linked arousal systems},
  author={Nassar, Matthew R and Rumsey, Katherine M and Wilson, Robert C and Parikh, Kinjan and Heasly, Benjamin and Gold, Joshua I},
  journal={Nature Neuroscience},
  volume={15},
  number={7},
  pages={1040--1046},
  year={2012},
  publisher={Nature Publishing Group}
}

@article{norton2019,
  title={Human online adaptation to changes in prior probability},
  author={Norton, Elyse H and Acerbi, Luigi and Ma, Wei Ji and Landy, Michael S},
  journal={PLoS computational biology},
  volume={15},
  number={7},
  pages={e1006681},
  year={2019},
  publisher={Public Library of Science San Francisco, CA USA}
}

@article{prat2024,
  title={Imprecise probabilistic inference from sequential data.},
  author={Prat-Carrabin, Arthur and Woodford, Michael},
  journal={Psychological Review},
  year=2024,
  volume = {Advance online publication},
  url={{https://doi.org/10.1037/rev0000469}},
  publisher={American Psychological Association}
}


@Manual{rcore2022,
    title = {R: A Language and Environment for Statistical Computing},
    author = {{R Core Team}},
    organization = {R Foundation for Statistical Computing},
    address = {Vienna, Austria},
    year = {2022},
    url = {http://www.R-project.org/},
  }

@article{ricci2017,
  title={Accurate step-hold tracking of smoothly varying periodic and aperiodic probability},
  author={Ricci, Matthew and Gallistel, Randy},
  journal={Attention, Perception, \& Psychophysics},
  volume={79},
  number={5},
  pages={1480--1494},
  year={2017},
  publisher={Springer}
}
@article{robinson1964,
  title={Continuous estimation of a time-varying probability},
  author={Robinson, Gordon H},
  journal={Ergonomics},
  volume={7},
  number={1},
  pages={7--21},
  year={1964},
  publisher={Taylor \& Francis}
}

@article{steyvers2005,
  title={Prediction and change detection},
  author={Steyvers, Mark and Brown, Scott},
  journal={Advances in Neural Information Processing Systems},
  volume={18},
  year={2005}
}

@article{wilson2010,
  title={Bayesian online learning of the hazard rate in change-point problems},
  author={Wilson, Robert C and Nassar, Matthew R and Gold, Joshua I},
  journal={Neural computation},
  volume={22},
  number={9},
  pages={2452--2476},
  year={2010},
  publisher={MIT Press One Rogers Street, Cambridge, MA 02142-1209, USA journals-info~â€¦}
}


\end{thebibliography}